<?xml version="1.0" encoding="UTF-8"?><collection xmlns="http://www.loc.gov/MARC21/slim"><record><leader>00525nam--2200169-i-4500</leader><controlfield tag="001">000019826</controlfield><controlfield tag="002">20161230</controlfield><controlfield tag="005">20161230201033</controlfield><controlfield tag="008">060222s1000------------r-----000-0-eng-d</controlfield><datafield ind1=" " ind2=" " tag="040"><subfield code="a">IFIN-HH</subfield></datafield><datafield ind1=" " ind2=" " tag="080"><subfield code="a">533.9:621.039.61(061.3)</subfield></datafield><datafield ind1="1" ind2=" " tag="110"><subfield code="a">Los Alamos Scientific Laboratory</subfield></datafield><datafield ind1="1" ind2="0" tag="245"><subfield code="a">Proseedings of the aps topical conference on pulsed high-density plasmas, september 19-22, 1967</subfield></datafield><datafield ind1=" " ind2=" " tag="260"><subfield code="a">Los Alamos</subfield><subfield code="b">Scientific Laboratory</subfield><subfield code="c">1967</subfield></datafield><datafield ind1=" " ind2=" " tag="490"><subfield code="a">Proceedings</subfield></datafield><datafield ind1=" " ind2=" " tag="852"><subfield code="a">48010</subfield><subfield code="c">533.9</subfield></datafield><datafield ind1=" " ind2=" " tag="CAT"><subfield code="a">Sys</subfield><subfield code="c">20120406</subfield><subfield code="h">101430</subfield></datafield></record></collection>